@article{abate2008probabilistic,
  title={Probabilistic reachability and safety for controlled discrete time stochastic hybrid systems},
  author={Abate, Alessandro and Prandini, Maria and Lygeros, John and Sastry, Shankar},
  journal={Automatica},
  volume={44},
  number={11},
  pages={2724--2734},
  year={2008},
  publisher={Elsevier}
}

@inproceedings{drucker1997support,
  title={Support vector regression machines},
  author={Drucker, Harris and Burges, Christopher JC and Kaufman, Linda and Smola, Alex J and Vapnik, Vladimir},
  booktitle={Advances in neural information processing systems},
  pages={155--161},
  year={1997}
}

@inproceedings{grunewalder2012modelling,
  title={Modelling transition dynamics in MDPs with RKHS embeddings},
  author={Gr{\"u}new{\"a}lder, Steffen and Lever, Guy and Baldassarre, Luca and Pontil, Massimilano and Gretton, Arthur},
  booktitle={Proceedings of the 29th International Coference on International Conference on Machine Learning},
  pages={1603--1610},
  year={2012},
  organization={Omnipress}
}

@article{micchelli2005learning,
  title={On learning vector-valued functions},
  author={Micchelli, Charles A and Pontil, Massimiliano},
  journal={Neural computation},
  volume={17},
  number={1},
  pages={177--204},
  year={2005},
  publisher={MIT Press}
}

@article{summers2010verification,
  title={Verification of discrete time stochastic hybrid systems: A stochastic reach-avoid decision problem},
  author={Summers, Sean and Lygeros, John},
  journal={Automatica},
  volume={46},
  number={12},
  pages={1951--1961},
  year={2010},
  publisher={Elsevier}
}

@misc{thorpe2019stochastic,
    title={Stochastic Reachability for Systems up to a Million Dimensions},
    author={Adam J. Thorpe and Vignesh Sivaramakrishnan and Meeko M. K. Oishi},
    year={2019},
    eprint={1910.10818},
    archivePrefix={arXiv},
    primaryClass={eess.SY}
}
